@book{ma2007group,
  title={Group theory for physicists},
  author={Ma, Zhong-Qi},
  year={2007},
  publisher={World Scientific}
}